<?xml version="1.0" encoding="UTF-8"?>
<marc:collection xmlns:marc="http://www.loc.gov/MARC21/slim" xmlns:xsi="http://www.w3.org/2001/XMLSchema-instance" xsi:schemaLocation="http://www.loc.gov/MARC21/slim http://www.loc.gov/standards/marcxml/schema/MARC21slim.xsd">
   <marc:record type="Bibliographic">
      <marc:leader>02228cam a2200397 a 4500</marc:leader>
      <marc:controlfield tag="001">2751048</marc:controlfield>
      <marc:controlfield tag="003">NjP</marc:controlfield>
      <marc:controlfield tag="005">20130624114057.0</marc:controlfield>
      <marc:controlfield tag="008">870411s1932    sy            000 0 arard</marc:controlfield>
      <marc:datafield tag="024" ind1="7" ind2=" ">
         <marc:subfield code="a">princeton_aco001097</marc:subfield>
         <marc:subfield code="2">local</marc:subfield>
      </marc:datafield>
      <marc:datafield tag="035" ind1=" " ind2=" ">
         <marc:subfield code="a">(OCoLC)ocn178166770</marc:subfield>
      </marc:datafield>
      <marc:datafield tag="035" ind1=" " ind2=" ">
         <marc:subfield code="a">(OCoLC)ocm15517096</marc:subfield>
      </marc:datafield>
      <marc:datafield tag="040" ind1=" " ind2=" ">
         <marc:subfield code="a">IUL</marc:subfield>
         <marc:subfield code="c">PUL</marc:subfield>
         <marc:subfield code="d">PUL</marc:subfield>
      </marc:datafield>
      <marc:datafield tag="035" ind1=" " ind2=" ">
         <marc:subfield code="a">(OCoLC)178166770</marc:subfield>
      </marc:datafield>
      <marc:datafield tag="035" ind1=" " ind2=" ">
         <marc:subfield code="9">CNE3272TS</marc:subfield>
      </marc:datafield>
      <marc:datafield tag="035" ind1=" " ind2=" ">
         <marc:subfield code="a">(NjP)2751048</marc:subfield>
      </marc:datafield>
      <marc:datafield tag="079" ind1=" " ind2=" ">
         <marc:subfield code="a">ocm15517096</marc:subfield>
      </marc:datafield>
      <marc:datafield tag="049" ind1=" " ind2=" ">
         <marc:subfield code="a">PULL</marc:subfield>
      </marc:datafield>
      <marc:datafield tag="100" ind1="1" ind2=" ">
         <marc:subfield code="6">880-01</marc:subfield>
         <marc:subfield code="a">Najdī, ʻUthmān ibn Aḥmad,</marc:subfield>
         <marc:subfield code="d">d. ca. 1710?</marc:subfield>
      </marc:datafield>
      <marc:datafield tag="245" ind1="1" ind2="0">
         <marc:subfield code="6">880-02</marc:subfield>
         <marc:subfield code="a">Najāt al-khalaf fī i ʻtiqād al-salaf /</marc:subfield>
         <marc:subfield code="c">taʼlīf ʻUthmān ibn Aḥmad ibn ʻUthmān al-Najdī al-Ḥanbalī ; wa-yalīhā ʻAqīdat al-Saffārīnī ; wa-yalīhā ʻAqīdat Abī Bakr ibn Abī Dawud ; jāmi ʻuhu Muḥammad Jamīl al-Shaṭṭī.</marc:subfield>
      </marc:datafield>
      <marc:datafield tag="260" ind1=" " ind2=" ">
         <marc:subfield code="6">880-03</marc:subfield>
         <marc:subfield code="a">Dimashq :</marc:subfield>
         <marc:subfield code="b">Maṭbaʻat al-Taraqqá,</marc:subfield>
         <marc:subfield code="c">1932.</marc:subfield>
      </marc:datafield>
      <marc:datafield tag="300" ind1=" " ind2=" ">
         <marc:subfield code="a">36 p. ;</marc:subfield>
         <marc:subfield code="c">20 cm.</marc:subfield>
      </marc:datafield>
      <marc:datafield tag="500" ind1=" " ind2=" ">
         <marc:subfield code="a">In Arabic.</marc:subfield>
      </marc:datafield>
      <marc:datafield tag="650" ind1=" " ind2="0">
         <marc:subfield code="a">Islam</marc:subfield>
         <marc:subfield code="x">Doctrines</marc:subfield>
      </marc:datafield>
      <marc:datafield tag="650" ind1=" " ind2="0">
         <marc:subfield code="a">Hanbalites.</marc:subfield>
      </marc:datafield>
      <marc:datafield tag="700" ind1="1" ind2=" ">
         <marc:subfield code="6">880-04</marc:subfield>
         <marc:subfield code="a">Saffārīnī, Muḥammad ibn Aḥmad,</marc:subfield>
         <marc:subfield code="d">1702 or 3-1774.</marc:subfield>
         <marc:subfield code="t">Durrah al-muḍīyah fī ʻaqd al-firqah al-marḍīyah.</marc:subfield>
      </marc:datafield>
      <marc:datafield tag="700" ind1="1" ind2=" ">
         <marc:subfield code="6">880-05</marc:subfield>
         <marc:subfield code="a">Sijistānī, ʻAbd Allāh ibn Sulaymān,</marc:subfield>
         <marc:subfield code="d">845-928 or 9.</marc:subfield>
         <marc:subfield code="t">ʻAqīdah.</marc:subfield>
      </marc:datafield>
      <marc:datafield tag="700" ind1="1" ind2=" ">
         <marc:subfield code="6">880-06</marc:subfield>
         <marc:subfield code="a">Shaṭṭī, Muḥammad Jamīl,</marc:subfield>
         <marc:subfield code="d">1882-1959.</marc:subfield>
      </marc:datafield>
      <marc:datafield tag="880" ind1="1" ind2=" ">
         <marc:subfield code="6">100-01/r</marc:subfield>
         <marc:subfield code="a">نجدي، عثمان بن احمد،</marc:subfield>
         <marc:subfield code="d">d. . 1710؟</marc:subfield>
      </marc:datafield>
      <marc:datafield tag="880" ind1="1" ind2="0">
         <marc:subfield code="6">245-02/r</marc:subfield>
         <marc:subfield code="a">نجات الخلف في أعتقاد السلف /</marc:subfield>
         <marc:subfield code="c">تأليف عثمان بن احمد بن عثمان النجدي الحنبلي ؛ ويليها عقيدة السفاريني ؛ ويليها عقيدة ابي بكر بن ابي دود ؛ جامعه محمد جميل الشطي.</marc:subfield>
      </marc:datafield>
      <marc:datafield tag="880" ind1=" " ind2=" ">
         <marc:subfield code="6">260-03/r</marc:subfield>
         <marc:subfield code="a">دمشق :</marc:subfield>
         <marc:subfield code="b">مطبعة الترقى،</marc:subfield>
         <marc:subfield code="c">1932.</marc:subfield>
      </marc:datafield>
      <marc:datafield tag="880" ind1="1" ind2=" ">
         <marc:subfield code="6">700-00/r</marc:subfield>
         <marc:subfield code="a">سفاريني، محمد بن احمد،</marc:subfield>
         <marc:subfield code="d">1702 or 3-1774.</marc:subfield>
         <marc:subfield code="t">درة المضية في عقد الفرقة المرضية.</marc:subfield>
      </marc:datafield>
      <marc:datafield tag="880" ind1="1" ind2=" ">
         <marc:subfield code="6">700-04/r</marc:subfield>
         <marc:subfield code="a">سفاريني، محمد بن احمد،</marc:subfield>
         <marc:subfield code="d">1702 or 3-1774.</marc:subfield>
         <marc:subfield code="t">درة المضية في عقد الفرقة المرضية.</marc:subfield>
      </marc:datafield>
      <marc:datafield tag="880" ind1="1" ind2=" ">
         <marc:subfield code="6">700-05/r</marc:subfield>
         <marc:subfield code="a">سجستاني، عبد الله بن سليمان،</marc:subfield>
         <marc:subfield code="d">845-928 or 9.</marc:subfield>
         <marc:subfield code="t">عقيدة.</marc:subfield>
      </marc:datafield>
      <marc:datafield tag="880" ind1="1" ind2=" ">
         <marc:subfield code="6">700-06/r</marc:subfield>
         <marc:subfield code="a">شطي، محمد جميل،</marc:subfield>
         <marc:subfield code="d">1882-1959.</marc:subfield>
      </marc:datafield>
      <marc:datafield tag="911" ind1=" " ind2=" ">
         <marc:subfield code="a">20000130</marc:subfield>
      </marc:datafield>
      <marc:datafield tag="994" ind1=" " ind2=" ">
         <marc:subfield code="a">C0</marc:subfield>
         <marc:subfield code="b">PUL</marc:subfield>
      </marc:datafield>
      <marc:datafield tag="999" ind1=" " ind2=" ">
         <marc:subfield code="a">2751048</marc:subfield>
      </marc:datafield>
   </marc:record>
</marc:collection>
